<record><leader>00000cas a22000007a 4500</leader><controlfield tag="001">26199931</controlfield><controlfield tag="008">920716d19922013alumr ne      0   a0eng c</controlfield><datafield ind1=" " ind2=" " tag="010"><subfield code="a">sn 92003357 </subfield></datafield><datafield ind1=" " ind2=" " tag="040"><subfield code="a">NSD</subfield><subfield code="b">eng</subfield><subfield code="c">NSD</subfield><subfield code="d">OCL</subfield><subfield code="d">OCLCQ</subfield><subfield code="d">DLC</subfield></datafield><datafield ind1=" " ind2=" " tag="012"><subfield code="j">0</subfield><subfield code="l">1</subfield></datafield><datafield ind1="1" ind2=" " tag="022"><subfield code="a">1064-0134</subfield><subfield code="l">1064-0134</subfield><subfield code="2">1</subfield></datafield><datafield ind1=" " ind2=" " tag="037"><subfield code="b">Black &amp; White, POB 13215, Birmingham, AL 35202-3215</subfield></datafield><datafield ind1=" " ind2=" " tag="042"><subfield code="a">nsdp</subfield><subfield code="a">pcc</subfield></datafield><datafield ind1="0" ind2=" " tag="130"><subfield code="a">Black &amp; white (Birmingham, Ala.)</subfield></datafield><datafield ind1=" " ind2="0" tag="222"><subfield code="a">Black &amp; white</subfield><subfield code="b">(Birmingham, Ala.)</subfield></datafield><datafield ind1="1" ind2="0" tag="245"><subfield code="a">Black &amp; white.</subfield></datafield><datafield ind1="3" ind2="0" tag="246"><subfield code="a">Black and white</subfield></datafield><datafield ind1=" " ind2=" " tag="260"><subfield code="a">Birmingham, Ala. :</subfield><subfield code="b">Black &amp; White, Inc.</subfield></datafield><datafield ind1=" " ind2=" " tag="300"><subfield code="a">v.</subfield></datafield><datafield ind1=" " ind2=" " tag="310"><subfield code="a">Biweekly,</subfield><subfield code="b">Oct. 2, 1997-</subfield></datafield><datafield ind1=" " ind2=" " tag="321"><subfield code="a">Monthly,</subfield><subfield code="b">May 1, 1992-Sept. 1997</subfield></datafield><datafield ind1="1" ind2=" " tag="362"><subfield code="a">Began in May 1992; ceased with Jan. 10, 2013.</subfield></datafield><datafield ind1=" " ind2=" " tag="500"><subfield code="a">"Birmingham's New City paper."</subfield></datafield><datafield ind1=" " ind2=" " tag="588"><subfield code="a">Description based on: June 1992.</subfield></datafield><datafield ind1=" " ind2=" " tag="588"><subfield code="a">Latest issue consulted: No. 67 (Oct. 16, 1997) (surrogate).</subfield></datafield></record>